<record><leader>00000cas a2200000 a 4500</leader><controlfield tag="001">19033649</controlfield><controlfield tag="008">890118d19211949tnuwr ne      0    0eng d</controlfield><datafield ind1=" " ind2=" " tag="010"><subfield code="a">sn 89058067 </subfield></datafield><datafield ind1=" " ind2=" " tag="040"><subfield code="a">KNP</subfield><subfield code="b">eng</subfield><subfield code="c">KNP</subfield><subfield code="d">TGN</subfield><subfield code="d">OCL</subfield><subfield code="d">OCLCQ</subfield><subfield code="d">OCLCF</subfield><subfield code="d">OCLCO</subfield></datafield><datafield ind1=" " ind2=" " tag="042"><subfield code="a">msc</subfield></datafield><datafield ind1=" " ind2=" " tag="043"><subfield code="a">n-us-tn</subfield></datafield><datafield ind1="0" ind2="4" tag="245"><subfield code="a">The Stewart County times.</subfield></datafield><datafield ind1=" " ind2=" " tag="260"><subfield code="a">Dover, Tenn. :</subfield><subfield code="b">W.S. Vinson,</subfield><subfield code="c">-1949.</subfield></datafield><datafield ind1=" " ind2=" " tag="300"><subfield code="a">v. :</subfield><subfield code="b">ill.</subfield></datafield><datafield ind1=" " ind2=" " tag="310"><subfield code="a">Weekly</subfield></datafield><datafield ind1="1" ind2=" " tag="362"><subfield code="a">Began in 1921.</subfield></datafield><datafield ind1="0" ind2=" " tag="362"><subfield code="a">-v. 76, no. 25 (June 25, 1949).</subfield></datafield><datafield ind1=" " ind2=" " tag="500"><subfield code="a">Publishers: W.S. Vinson, &lt;1925&gt;-1927; S.C. Lewis [Sr.], 1927-&lt;1931&gt;; Clyde Lyon, 1938-1942; Leaf-Chronicle Co., 1942-1949.</subfield></datafield><datafield ind1=" " ind2=" " tag="500"><subfield code="a">Published in Clarksville, Tenn., Nov. 13, 1942-June 25, 1949.</subfield></datafield><datafield ind1=" " ind2=" " tag="580"><subfield code="a">Merged with Houston County times (Erin, Tenn.), to form: Stewart-Houston times.</subfield></datafield><datafield ind1=" " ind2=" " tag="588"><subfield code="a">Description based on: Vol. 5, no. 47 (Oct. 23, 1925).</subfield></datafield><datafield ind1=" " ind2="0" tag="651"><subfield code="a">Dover (Tenn.)</subfield><subfield code="v">Newspapers.</subfield></datafield><datafield ind1=" " ind2="0" tag="651"><subfield code="a">Stewart County (Tenn.)</subfield><subfield code="v">Newspapers.</subfield></datafield><datafield ind1=" " ind2="7" tag="655"><subfield code="a">Newspapers.</subfield><subfield code="2">fast</subfield><subfield code="0">(OCoLC)fst01423814</subfield></datafield><datafield ind1=" " ind2="7" tag="651"><subfield code="a">Tennessee</subfield><subfield code="z">Dover.</subfield><subfield code="2">fast</subfield><subfield code="0">(OCoLC)fst01226845</subfield></datafield><datafield ind1=" " ind2="7" tag="651"><subfield code="a">Tennessee</subfield><subfield code="z">Stewart County.</subfield><subfield code="2">fast</subfield><subfield code="0">(OCoLC)fst01214791</subfield></datafield><datafield ind1=" " ind2=" " tag="752"><subfield code="a">United States</subfield><subfield code="b">Tennessee</subfield><subfield code="c">Stewart</subfield><subfield code="d">Dover.</subfield></datafield><datafield ind1="1" ind2="7" tag="785"><subfield code="t">Houston County times (Erin, Tenn.)</subfield><subfield code="w">(DLC)sn 97065148</subfield></datafield><datafield ind1="1" ind2="7" tag="785"><subfield code="t">Stewart-Houston times</subfield><subfield code="w">(DLC)sn 89058066</subfield></datafield></record>